<?xml version="1.0" encoding="UTF-8"?><collection xmlns="http://www.loc.gov/MARC21/slim"><record><leader>00374nam--2200133-i-4500</leader><controlfield tag="001">000005091</controlfield><controlfield tag="002">20161230</controlfield><controlfield tag="005">20161230201026</controlfield><controlfield tag="008">060222s1000------------r-----000-0-eng-d</controlfield><datafield ind1=" " ind2=" " tag="100"><subfield code="a">Arecchi, F.T., Gatti, E.And Zaglio, E</subfield></datafield><datafield ind1=" " ind2=" " tag="245"><subfield code="a">A new method for timing scintillation pulses</subfield></datafield><datafield ind1=" " ind2=" " tag="260"><subfield code="a">Milano, Instituto Di Fisica Del Politecnico, 1960 4 P</subfield></datafield><datafield ind1=" " ind2=" " tag="490"><subfield code="a">93</subfield></datafield><datafield ind1=" " ind2=" " tag="852"><subfield code="a">7094</subfield></datafield></record></collection>